@inproceedings{FORMATS_19,
  author    = {Alexey Bakhirkin and
               Nicolas Basset and
               Oded Maler and
               Jos{\'{e}}{-}Ignacio Requeno Jarabo},
  editor    = {{\'{E}}tienne Andr{\'{e}} and
               Mari{\"{e}}lle Stoelinga},
  title     = {ParetoLib: {A} Python Library for Parameter Synthesis},
  booktitle = {Formal Modeling and Analysis of Timed Systems - 17th International
               Conference, {FORMATS} 2019, Amsterdam, The Netherlands, August 27-29,
               2019, Proceedings},
  series    = {Lecture Notes in Computer Science},
  volume    = {11750},
  pages     = {114--120},
  publisher = {Springer},
  year      = {2019},
  url       = {https://doi.org/10.1007/978-3-030-29662-9\_7},
  doi       = {10.1007/978-3-030-29662-9\_7}
}

@inproceedings{FORMATS_20,
  author    = {Nicolas Basset and
               Thao Dang and
               Akshay Mambakam and
               Jos{\'{e}}{-}Ignacio Requeno Jarabo},
  editor    = {Nathalie Bertrand and
               Nils Jansen},
  title     = {Learning Specifications for Labelled Patterns},
  booktitle = {Formal Modeling and Analysis of Timed Systems - 18th International
               Conference, {FORMATS} 2020, Vienna, Austria, September 1-3, 2020,
               Proceedings},
  series    = {Lecture Notes in Computer Science},
  volume    = {12288},
  pages     = {76--93},
  publisher = {Springer},
  year      = {2020},
  url       = {https://doi.org/10.1007/978-3-030-57628-8\_5},
  doi       = {10.1007/978-3-030-57628-8\_5}
}

@inproceedings{TACAS_19,
  author    = {Alexey Bakhirkin and
               Nicolas Basset},
  editor    = {Tom{\'{a}}s Vojnar and
               Lijun Zhang},
  title     = {Specification and Efficient Monitoring Beyond {STL}},
  booktitle = {Tools and Algorithms for the Construction and Analysis of Systems
               - 25th International Conference, {TACAS} 2019, Held as Part of the
               European Joint Conferences on Theory and Practice of Software, {ETAPS}
               2019, Prague, Czech Republic, April 6-11, 2019, Proceedings, Part
               {II}},
  series    = {Lecture Notes in Computer Science},
  volume    = {11428},
  pages     = {79--97},
  publisher = {Springer},
  year      = {2019},
  url       = {https://doi.org/10.1007/978-3-030-17465-1\_5},
  doi       = {10.1007/978-3-030-17465-1\_5}
}

@article{AMT2,
  author    = {Dejan Nickovic and
               Olivier Lebeltel and
               Oded Maler and
               Thomas Ferr{\`{e}}re and
               Dogan Ulus},
  title     = {{AMT} 2.0: qualitative and quantitative trace analysis with extended
               signal temporal logic},
  journal   = {Int. J. Softw. Tools Technol. Transf.},
  volume    = {22},
  number    = {6},
  pages     = {741--758},
  year      = {2020},
  url       = {https://doi.org/10.1007/s10009-020-00582-z},
  doi       = {10.1007/s10009-020-00582-z}
}


@inproceedings{Stl_Der_Int,
  author    = {Ali Tevfik Buyukkocak and
               Derya Aksaray and
               Yasin Yazicioglu},
  title     = {Control Synthesis using Signal Temporal Logic Specifications with
               Integral and Derivative Predicates},
  booktitle = {2021 American Control Conference, {ACC} 2021, New Orleans, LA, USA,
               May 25-28, 2021},
  pages     = {4873--4878},
  publisher = {{IEEE}},
  year      = {2021},
  url       = {https://doi.org/10.23919/ACC50511.2021.9482651},
  doi       = {10.23919/ACC50511.2021.9482651}
}

@softmisc{ParetoLib,
  author		= {Akshay Mambakam and
				Jos{\'{e}}{-}Ignacio Requeno Jarabo},
  title			= {{P}areto{L}ib},
  version		= {2.X},
  keywords		= {Software},
  howpublished	= {VERIMAG {G}it {R}epository},
  year			= {2022},
  month			= {Jan},
  url		= {{https://gricad-gitlab.univ-grenoble-alpes.fr/verimag/tempo/multidimensional_search}}
}

@softmisc{StlEval,
  author		= {Alexey Bakhirkin and
				Akshay Mambakam and
				Jos{\'{e}}{-}Ignacio Requeno Jarabo},
  title			= {{S}tl{E}val},
  version		= {2.X},
  keywords		= {Software},
  howpublished	= {VERIMAG {G}it {R}epository},
  year			= {2022},
  month			= {Jan},
  url = {{https://gricad-gitlab.univ-grenoble-alpes.fr/verimag/tempo/StlEval}}
}

@Article{STTT_RV_21,
  author    = {Yli{\`{e}}s Falcone and Srdan Krstic and Giles Reger and Dmitriy Traytel},
  journal   = {Int. J. Softw. Tools Technol. Transf.},
  title     = {A taxonomy for classifying runtime verification tools},
  year      = {2021},
  number    = {2},
  pages     = {255--284},
  volume    = {23},
  bibsource = {dblp computer science bibliography, https://dblp.org},
  biburl    = {https://dblp.org/rec/journals/sttt/FalconeKRT21.bib},
  doi       = {10.1007/s10009-021-00609-z},
  timestamp = {Thu, 14 Oct 2021 09:28:39 +0200},
  url       = {https://doi.org/10.1007/s10009-021-00609-z},
}

@InCollection{STL,
  author    = {Maler, Oded and Nickovic, Dejan},
  booktitle = {Formal Techniques, Modelling and Analysis of Timed and Fault-Tolerant Systems},
  publisher = {Springer},
  title     = {Monitoring temporal properties of continuous signals},
  year      = {2004},
  pages     = {152--166},
}

@Comment{jabref-meta: databaseType:bibtex;}
